<collection xmlns="http://www.loc.gov/MARC21/slim">
<record>
  <leader>01250nam0a2200229 i 450 </leader>
  <controlfield tag="001">IT\ICCU\CNCE\016352</controlfield>
  <controlfield tag="005">20030919000000.0</controlfield>
  <datafield tag="012" ind1=" " ind2=" ">
    <subfield code="a">2726 s.s. rade to9D (3) 1566 (R)</subfield>
    <subfield code="2">fei</subfield>
  </datafield>
  <datafield tag="100" ind1=" " ind2=" ">
    <subfield code="a">19970101d1566        0itac0103    ba</subfield>
  </datafield>
  <datafield tag="101" ind1=" " ind2=" ">
    <subfield code="a">LAT</subfield>
  </datafield>
  <datafield tag="102" ind1=" " ind2=" ">
    <subfield code="a">IT</subfield>
  </datafield>
  <datafield tag="200" ind1="1" ind2=" ">
    <subfield code="a">Rudimenta ad sciendum et seruandum necessaria clericis, &amp; presbyteris curam animarum habentibus, vel non habentibus, &amp; alijs fidelibus, hic sunt a sacris canonibus, &amp; a doctoribus collecta, &amp; in vnum breuiter redacta per d. Dominicum De Dominicis Venetum  sacrae theologiae magistrum, &amp; episcopum Brixiensem ... Cum tabula totius operis</subfield>
  </datafield>
  <datafield tag="210" ind1=" " ind2=" ">
    <subfield code="a">Romae</subfield>
    <subfield code="c">apud heredes Valerii</subfield>
    <subfield code="d">&amp; Aloisii Doricorum</subfield>
    <subfield code="d">1566</subfield>
  </datafield>
  <datafield tag="215" ind1=" " ind2=" ">
    <subfield code="a">39, \1! c.</subfield>
    <subfield code="d">8ʻ</subfield>
  </datafield>
  <datafield tag="620" ind1=" " ind2=" ">
    <subfield code="a">IT</subfield>
    <subfield code="d">Roma</subfield>
  </datafield>
  <datafield tag="700" ind1=" " ind2="1">
    <subfield code="a">Dominici,</subfield>
    <subfield code="b">Domenico</subfield>
    <subfield code="c"> &lt;1416-1478&gt;</subfield>
    <subfield code="3">IT\ICCU\CNCA\010674</subfield>
  </datafield>
  <datafield tag="712" ind1="0" ind2="0">
    <subfield code="a">Dorico, Valerio - eredi &amp; Dorico, Luigi - eredi</subfield>
    <subfield code="3">IT\ICCU\CNCT\001695</subfield>
    <subfield code="4">650</subfield>
  </datafield>
  <datafield tag="790" ind1=" " ind2="1">
    <subfield code="a">Domenichi,</subfield>
    <subfield code="b">Domenico : de&apos;</subfield>
    <subfield code="3">IT\ICCU\CNCA\015371</subfield>
    <subfield code="z">Dominici, Domenico &lt;1416-1478&gt;</subfield>
  </datafield>
  <datafield tag="790" ind1=" " ind2="1">
    <subfield code="a">De_Dominicis,</subfield>
    <subfield code="b">Dominicus</subfield>
    <subfield code="3">IT\ICCU\CNCA\015377</subfield>
    <subfield code="z">Dominici, Domenico &lt;1416-1478&gt;</subfield>
  </datafield>
  <datafield tag="790" ind1=" " ind2="1">
    <subfield code="a">Dominicis,</subfield>
    <subfield code="b">Domenico</subfield>
    <subfield code="3">IT\ICCU\CNCA\022596</subfield>
    <subfield code="z">Dominici, Domenico &lt;1416-1478&gt;</subfield>
  </datafield>
  <datafield tag="801" ind1=" " ind2="3">
    <subfield code="a">IT</subfield>
    <subfield code="b">ICCU</subfield>
    <subfield code="c">20201114</subfield>
  </datafield>
  <datafield tag="899" ind1=" " ind2=" ">
    <subfield code="a">Biblioteca Casanatense. Roma</subfield>
    <subfield code="1">RM0313</subfield>
    <subfield code="2">RML 07</subfield>
  </datafield>
</record>
</collection>
